@book{latex,
  title = {LaTeX : A Documentation Preparation System User's Guide and Reference Manual},
  publisher = {Addison-Wesley Professional},
  year = {1994},
  author = {Leslie Lamport}
}

@book{Arthur2007,
    author = {D. Arthur and S. Vassilvitskii},
    booktitle = {Proceedings of the eighteenth annual ACM-SIAM symposium on Discrete algorithms},
    pages = {1027-1035},
    title = {k-means++: the advantages of carefull seeding},
    year = {2007}
}


@book{LLVM,
    author = {D. Arthur and S. Vassilvitskii},
    booktitle = {Proceedings of the eighteenth annual ACM-SIAM symposium on Discrete algorithms},
    pages = {1027-1035},
    title = {k-means++: the advantages of carefull seeding},
    year = {2007}
}

@book{neumann,
    author = {D. Arthur and S. Vassilvitskii},
    booktitle = {Proceedings of the eighteenth annual ACM-SIAM symposium on Discrete algorithms},
    pages = {1027-1035},
    title = {k-means++: the advantages of carefull seeding},
    year = {2007}
}


@book{neumann+leis,
    author = {D. Arthur and S. Vassilvitskii},
    booktitle = {Proceedings of the eighteenth annual ACM-SIAM symposium on Discrete algorithms},
    pages = {1027-1035},
    title = {k-means++: the advantages of carefull seeding},
    year = {2007}
}

@book{fisheryates,
    author = {D. Arthur and S. Vassilvitskii},
    booktitle = {Proceedings of the eighteenth annual ACM-SIAM symposium on Discrete algorithms},
    pages = {1027-1035},
    title = {k-means++: the advantages of carefull seeding},
    year = {2007}
}

@book{iterator,
    author = {D. Arthur and S. Vassilvitskii},
    booktitle = {Proceedings of the eighteenth annual ACM-SIAM symposium on Discrete algorithms},
    pages = {1027-1035},
    title = {k-means++: the advantages of carefull seeding},
    year = {2007}
}

